%% This BibTeX bibliography file was created using BibDesk.
%% http://bibdesk.sourceforge.net/


%% Created for Maïeul at 2013-03-12 12:19:33 +0100 


%% Saved with string encoding Unicode (UTF-8) 



@book{leal2012,
	Address = {Rome},
	Author = {Jerónimo Leal and Gianluca Pignalberi},
	Date-Added = {2013-03-12 11:07:38 +0000},
	Date-Modified = {2013-03-12 11:07:38 +0000},
	Entrysubtype = {specifique},
	Publisher = {Compomat},
	Subtitle = {Guida alla composizione con il proprio computer},
	Title = {Edizioni Critiche},
	Year = {2012}}

@book{Rouquette2012,
	Address = {Tempere},
	Author = {Maïeul Rouquette},
	Date-Added = {2013-03-12 11:05:04 +0000},
	Date-Modified = {2013-03-12 11:19:33 +0000},
	Publisher = {Atramenta},
	Title = {(Xe)LaTeX appliqué aux sciences humaines},
	Url = {http://www.atramenta.net/books/latex-sciences-humaines/79},
	Year = {2012}}
